<record><leader>00000cas a2200000 a 4500</leader><controlfield tag="001">53207559</controlfield><controlfield tag="008">031015c20039999mnuwr ne      0    0eng c</controlfield><datafield ind1=" " ind2=" " tag="010"><subfield code="a">sn2004058036</subfield></datafield><datafield ind1=" " ind2=" " tag="040"><subfield code="a">MHS</subfield><subfield code="b">eng</subfield><subfield code="c">MHS</subfield><subfield code="d">OCLCQ</subfield><subfield code="d">DLC</subfield><subfield code="d">OCLCQ</subfield><subfield code="d">OCLCF</subfield><subfield code="d">OCLCO</subfield></datafield><datafield ind1="1" ind2=" " tag="029"><subfield code="a">AU@</subfield><subfield code="b">000026127524</subfield></datafield><datafield ind1=" " ind2=" " tag="042"><subfield code="a">pcc</subfield></datafield><datafield ind1=" " ind2=" " tag="043"><subfield code="a">n-us-mn</subfield></datafield><datafield ind1=" " ind2=" " tag="052"><subfield code="a">4143</subfield><subfield code="b">I8</subfield></datafield><datafield ind1=" " ind2=" " tag="052"><subfield code="a">4144</subfield><subfield code="b">B66</subfield></datafield><datafield ind1="0" ind2="0" tag="245"><subfield code="a">Scenic range newsforum.</subfield></datafield><datafield ind1="3" ind2=" " tag="246"><subfield code="a">Scenic range news forum</subfield></datafield><datafield ind1=" " ind2=" " tag="260"><subfield code="a">Bovey, MN :</subfield><subfield code="b">L.L. Johnson,</subfield><subfield code="c">2003-</subfield></datafield><datafield ind1=" " ind2=" " tag="300"><subfield code="a">v.</subfield></datafield><datafield ind1=" " ind2=" " tag="310"><subfield code="a">Weekly</subfield></datafield><datafield ind1="0" ind2=" " tag="362"><subfield code="a">Vol. 45, no. 22 (Sept. 25, 2003) ; vol. 1, no. 2 (Oct. 2, 2003)-</subfield></datafield><datafield ind1=" " ind2=" " tag="500"><subfield code="a">"Serving Itasca County since 1923."</subfield></datafield><datafield ind1=" " ind2=" " tag="530"><subfield code="a">Available on microfilm from the Minnesota Historical Society.</subfield></datafield><datafield ind1=" " ind2="0" tag="651"><subfield code="a">Bovey (Minn.)</subfield><subfield code="v">Newspapers.</subfield></datafield><datafield ind1=" " ind2="0" tag="651"><subfield code="a">Itasca County (Minn.)</subfield><subfield code="v">Newspapers.</subfield></datafield><datafield ind1=" " ind2="7" tag="655"><subfield code="a">Newspapers.</subfield><subfield code="2">fast</subfield><subfield code="0">(OCoLC)fst01423814</subfield></datafield><datafield ind1=" " ind2="7" tag="651"><subfield code="a">Minnesota</subfield><subfield code="z">Bovey.</subfield><subfield code="2">fast</subfield><subfield code="0">(OCoLC)fst01249686</subfield></datafield><datafield ind1=" " ind2="7" tag="651"><subfield code="a">Minnesota</subfield><subfield code="z">Itasca County.</subfield><subfield code="2">fast</subfield><subfield code="0">(OCoLC)fst01214816</subfield></datafield><datafield ind1=" " ind2=" " tag="752"><subfield code="a">United States</subfield><subfield code="b">Minnesota</subfield><subfield code="c">Itasca</subfield><subfield code="d">Bovey.</subfield></datafield><datafield ind1="0" ind2="0" tag="780"><subfield code="t">Scenic range news</subfield><subfield code="w">(DLC)sn 89064887</subfield><subfield code="w">(OCoLC)1536938</subfield></datafield></record>